
% ARTICLES (FLUID DYNAMICS)

@article{Brody1996,
author = {Brody, J and Yager, P and Goldstein, R and Austin, R},
doi = {10.1016/S0006-3495(96)79538-3},
file = {:D$\backslash$:/MendeleyPapers/Brody et al./1996/Biotechnology
                  at low Reynolds numbers - 1996.pdf:pdf},
issn = {00063495},
journal = {Biophysical Journal},
month = dec,
number = {6},
pages = {3430--3441},
publisher = {Elsevier},
title = {{Biotechnology at low Reynolds numbers}},
url = {http://linkinghub.elsevier.com/retrieve/pii/S0006349596795383},
volume = {71},
year = {1996}
} 

@article{chai_poi,
author = {Z. Chai and B. Shi},
journal = {Applied Mathematical modeling},
pages = {2050--2058},
publisher = {Elsevier},
title = {{A novel lattice Boltzmann model for the Poisson equation}},
volume = {32},
year = {2007}
} 

@article{junk-boundary,
author = {M. Junk and Z. Yang},
journal = {Journal of Statistical Physics},
pages = {3--35},
title = {{Assymptotic Analysis of Lattice Boltzmann Boundary Conditions}},
volume = {121},
year = {2005}
} 

@article{junk-asym,
title = "Asymptotic analysis of the lattice Boltzmann equation",
journal = "Journal of Computational Physics",
volume = "210",
number = "2",
pages = "676 - 704",
year = "2005",
note = "",
issn = "0021-9991",
doi = "10.1016/j.jcp.2005.05.003",
url = "http://www.sciencedirect.com/science/article/pii/S0021999105002573",
author = "Michael Junk and Axel Klar and Li-Shi Luo",
keywords = "Lattice Boltzmann equation",
keywords = "Discrete velocity model",
keywords = "Diffusive scaling",
keywords = "Linear collision operator",
keywords = "Asymptotic analysis",
keywords = "Incompressible Navier–Stokes equation"
}

@article{alexey-tobias,
author = {{Alexey's och Tobias' artikel..}},
journal = {??},
note = "Article in press...",
pages = { },
title = {{ }},
volume = { },
year = {2012}
} 

@book{dongquing-ren-book,
  title={Electrokinetics In Microfluidics},
  author={Li, D.},
  isbn={9780120884445},
  series={Interface Science and Technology Series},
  url={http://books.google.se/books?id=1QkpluJqQegC},
  year={2004},
  publisher={Academic Press}
}

@article {hlushkou,
author = {Hlushkou, Dzmitry and Kandhai, Drona and Tallarek, Ulrich},
title = {Coupled lattice-Boltzmann and finite-difference simulation of electroosmosis in microfluidic channels},
journal = {International Journal for Numerical Methods in Fluids},
volume = {46},
number = {5},
publisher = {John Wiley & Sons, Ltd.},
issn = {1097-0363},
url = {http://dx.doi.org/10.1002/fld.765},
doi = {10.1002/fld.765},
pages = {507--532},
keywords = {lattice-Boltzmann method, finite-difference method, porous media, microfluidics, electroosmotic flow, surface charge distribution},
year = {2004},
}

@book{wolf-gladrow,
  title={Lattice-Gas Cellular Automata and Lattice Boltzmann Models: An Introduction},
  author={Wolf-Gladrow, D.A.},
  number={v. 1725},
  isbn={9783540669739},
  lccn={64054683},
  series={Lecture Notes in Mathematics},
  url={http://books.google.se/books?id=cHcpWgxAUu8C},
  year={2000},
  publisher={Springer}
}

@ARTICLE{scholarpedia-lbm,
AUTHOR = {Succi, S.  and Sbragaglia, M.  and Ubertini, S. },
TITLE   = {Lattice Boltzmann Method},
YEAR	= 2010,
JOURNAL	= {Scholarpedia},
VOLUME  = 5,
NUMBER  = 5,
PAGES   = 9507
}

@misc{wolfram-alpha-web,
      author = "{Wolfram Alpha}",
      title = "Information content of the web - Wolfram Alpha",
      month = "November",
      year = "2012",
      url = "http://www.wolframalpha.com/input/?i=estimated+data+content+of+the+web"
}

@article{junk-comparison,
title = "Comparison of analysis techniques for the lattice Boltzmann method",
journal = "Computers \& Mathematics with Applications",
volume = "58",
number = "5",
pages = "883 - 897",
year = "2009",
note = "<ce:title>Mesoscopic Methods in Engineering and Science</ce:title>",
issn = "0898-1221",
doi = "10.1016/j.camwa.2009.02.011",
url = "http://www.sciencedirect.com/science/article/pii/S0898122109000935",
author = "Alfonso Caiazzo and Michael Junk and Martin Rheinländer",
keywords = "Chapman–Enskog expansion",
keywords = "Lattice Boltzmann equation",
keywords = "Super-Burnett equation"
}

@article{shan-chen,
  title = {Lattice Boltzmann model for simulating flows with multiple phases and components},
  author = {Shan, Xiaowen and Chen, Hudong},
  journal = {Phys. Rev. E},
  volume = {47},
  issue = {3},
  pages = {1815--1819},
  year = {1993},
  month = {Mar},
  doi = {10.1103/PhysRevE.47.1815},
  url = {http://link.aps.org/doi/10.1103/PhysRevE.47.1815},
  publisher = {American Physical Society}
}

@article{krafczyk,
  title = {Forcing term in single-phase and Shan-Chen-type multiphase lattice Boltzmann models},
  author = {Huang, Haibo and Krafczyk, Manfred and Lu, Xiyun},
  journal = {Phys. Rev. E},
  volume = {84},
  issue = {4},
  pages = {046710},
  numpages = {15},
  year = {2011},
  month = {Oct},
  doi = {10.1103/PhysRevE.84.046710},
  url = {http://link.aps.org/doi/10.1103/PhysRevE.84.046710},
  publisher = {American Physical Society}
}

@article{he_zou,
author = {Qisu Zou and Xiaoyi He},
collaboration = {},
title = {On pressure and velocity boundary conditions for the lattice Boltzmann BGK model},
publisher = {AIP},
year = {1997},
journal = {Physics of Fluids},
volume = {9},
number = {6},
pages = {1591-1598},
keywords = {BOLTZMANN EQUATION; PRESSURE DEPENDENCE; VELOCITY; BOUNDARY CONDITIONS; EQUILIBRIUM; DISTRIBUTION; SIMULATION; ANALYTICAL SOLUTION; DENSITY; STABILITY; INCOMPRESSIBLE FLOW; Poiseuille flow; flow simulation; pipe flow; nonequilibrium flow},
url = {http://link.aip.org/link/?PHF/9/1591/1},
doi = {10.1063/1.869307}
}

@article{mixing,
  title={Electro-osmotic flow and mixing in heterogeneous microchannels},
  author={Zhang, J. and He, G. and Liu, F.},
  journal={Physical Review E},
  volume={73},
  number={5},
  pages={056305},
  year={2006},
  publisher={APS}
}

@article{lbm-wang,
  title={Modeling electrokinetic flows in microchannels using coupled lattice Boltzmann methods},
  author={Wang, M. and Kang, Q.},
  journal={Journal of Computational Physics},
  volume={229},
  number={3},
  pages={728--744},
  year={2010},
  publisher={Elsevier}
}

@article{ren-elvis-paper,
  title={Electroviscous effects on pressure-driven flow of dilute electrolyte solutions in small microchannels},
  author={Ren, C.L. and Li, D.},
  journal={Journal of colloid and interface science},
  volume={274},
  number={1},
  pages={319--330},
  year={2004},
  publisher={Elsevier}
}

@misc{intel-xeon,
      author = "{Intel}",
      title = "Microsoft .NET* on Intel Xeon Processor",
      month = "November",
      year = "2012",
      url = "http://software.intel.com/en-us/articles/microsoft-net-on-intel-xeont-processor"
}
 @misc{wiki-pipeline,
   author = "Wikipedia",
   title = "Classic RISC pipeline --- Wikipedia{,} The Free Encyclopedia",
   year = "2012",
   url = "http://en.wikipedia.org/w/index.php?title=Classic_RISC_pipeline&oldid=495044207",
   note = "[Online; accessed 11-December-2012]"
 }

 @misc{ wiki-mem,
   author = "Wikipedia",
   title = "CPU cache --- Wikipedia{,} The Free Encyclopedia",
   year = "2012",
   url = "{http://en.wikipedia.org/w/index.php?title=CPU_cache}",
   note = "[Online; accessed 11-December-2012]"
 }

@mastersthesis{mikael,
    author    = "Mikael Håkansson",
    title     = "Spinodal decomposition with the lattice Boltzmann method",
    school    = "Chalmers University of Technology",
    year      = "2012"
}

 @misc{openmpi,
   author = "{Open MPI}",
   title = "Open MPI",
   year = "2012",
   url = "{http://www.open-mpi.org/}",
   note = "[Online; accessed 11-December-2012]"
 }

 @misc{openmp,
   author = "{OpenMP}",
   title = "OpenMP",
   year = "2012",
   url = "{http://openmp.org/wp/}",
   note = "[Online; accessed 11-December-2012]"
 }

